@inbook{stevens,
   author = {Brian L. Stevens and Frank L. Lewis and Eric N. Johnson},
   address = {Hoboken, NJ},
   edition = {3},
   isbn = {9781118870983},
   pages = {4},
   publisher = {John Wiley \& Sons},
   title = {Aircraft control and simulation : Dynamics, controls design, and autonomous systems},
   year = {2015},
}
